<record><leader>00000cas a22000007a 4500</leader><controlfield tag="001">29530228</controlfield><controlfield tag="008">931220d19671979cauwr ne      0    0eng d</controlfield><datafield ind1=" " ind2=" " tag="010"><subfield code="a">sn 97060688 </subfield></datafield><datafield ind1=" " ind2=" " tag="040"><subfield code="a">ANU</subfield><subfield code="b">eng</subfield><subfield code="c">ANU</subfield><subfield code="d">CNK</subfield><subfield code="d">OCLCQ</subfield><subfield code="d">OCLCF</subfield><subfield code="d">OCLCO</subfield></datafield><datafield ind1="1" ind2=" " tag="029"><subfield code="a">AU@</subfield><subfield code="b">000013197120</subfield></datafield><datafield ind1=" " ind2=" " tag="042"><subfield code="a">msc</subfield></datafield><datafield ind1=" " ind2=" " tag="043"><subfield code="a">n-us-ca</subfield></datafield><datafield ind1="0" ind2="4" tag="245"><subfield code="a">The Klam-ity kourier.</subfield></datafield><datafield ind1="1" ind2="7" tag="246"><subfield code="a">Kourier</subfield><subfield code="f">Mar. 1, 1978-Mar. 7, 1979</subfield></datafield><datafield ind1=" " ind2=" " tag="260"><subfield code="a">Willow Creek, Calif. :</subfield><subfield code="b">[Doris and Barry Carroll]</subfield></datafield><datafield ind1=" " ind2=" " tag="300"><subfield code="a">v.</subfield></datafield><datafield ind1=" " ind2=" " tag="310"><subfield code="a">Weekly</subfield></datafield><datafield ind1="0" ind2=" " tag="362"><subfield code="a">Vol. 1, no. 1 (Nov. 8, 1967)-v. 12, no. 19 (Mar. 7, 1979).</subfield></datafield><datafield ind1=" " ind2=" " tag="500"><subfield code="a">"A weekly newspaper serving the Klamath-Trinity Valley."</subfield></datafield><datafield ind1=" " ind2="0" tag="650"><subfield code="a">Hupa Indians</subfield><subfield code="z">California</subfield><subfield code="v">Newspapers.</subfield></datafield><datafield ind1=" " ind2="0" tag="651"><subfield code="a">Humboldt County (Calif.)</subfield><subfield code="v">Newspapers.</subfield></datafield><datafield ind1=" " ind2="0" tag="651"><subfield code="a">Trinity County (Calif.)</subfield><subfield code="v">Newspapers.</subfield></datafield><datafield ind1=" " ind2="7" tag="655"><subfield code="a">Newspapers.</subfield><subfield code="2">fast</subfield><subfield code="0">(OCoLC)fst01423814</subfield></datafield><datafield ind1=" " ind2="7" tag="650"><subfield code="a">Hupa Indians.</subfield><subfield code="2">fast</subfield><subfield code="0">(OCoLC)fst00964269</subfield></datafield><datafield ind1=" " ind2="7" tag="651"><subfield code="a">California.</subfield><subfield code="2">fast</subfield><subfield code="0">(OCoLC)fst01204928</subfield></datafield><datafield ind1=" " ind2="7" tag="651"><subfield code="a">California</subfield><subfield code="z">Humboldt County.</subfield><subfield code="2">fast</subfield><subfield code="0">(OCoLC)fst01214282</subfield></datafield><datafield ind1=" " ind2="7" tag="651"><subfield code="a">California</subfield><subfield code="z">Trinity County.</subfield><subfield code="2">fast</subfield><subfield code="0">(OCoLC)fst01215709</subfield></datafield><datafield ind1=" " ind2=" " tag="752"><subfield code="a">United States</subfield><subfield code="b">California</subfield><subfield code="c">Humboldt</subfield><subfield code="d">Willow Creek.</subfield></datafield><datafield ind1="0" ind2="0" tag="785"><subfield code="t">Kourier (Willow Creek, Calif.)</subfield><subfield code="w">(DLC)sn 97060689</subfield></datafield></record>